%% This BibTeX bibliography file was created using BibDesk.
%% http://bibdesk.sourceforge.net/

%% Created for Charlie at 2018-01-31 23:57:51 -0800 


%% Saved with string encoding Unicode (UTF-8) 



@inproceedings{hartford:2017,
	Author = {Hartford, Jason and Lewis, Greg and Leyton-Brown, Kevin and Taddy, Matt},
	Booktitle = {International Conference on Machine Learning},
	Date-Added = {2018-02-01 07:12:03 +0000},
	Date-Modified = {2018-02-01 07:12:10 +0000},
	Pages = {1414--1423},
	Title = {Deep IV: A Flexible Approach for Counterfactual Prediction},
	Year = {2017}}

@article{fox:1992,
	Author = {Fox, RI and Kang, Ho-Il and others},
	Date-Added = {2018-02-01 07:11:29 +0000},
	Date-Modified = {2018-02-01 07:11:34 +0000},
	Journal = {Rheum Dis Clin North Am},
	Number = {3},
	Pages = {517--38},
	Title = {Pathogenesis of Sj{\"o}gren's syndrome},
	Volume = {18},
	Year = {1992}}

@article{tsai:2015,
	Author = {Tsai, Hsin-Yuan and Hamilton, Alastair and Tinch, Alan E and Guy, Derrick R and Gharbi, Karim and Stear, Michael J and Matika, Oswald and Bishop, Steve C and Houston, Ross D},
	Date-Added = {2018-02-01 07:10:43 +0000},
	Date-Modified = {2018-02-01 07:11:00 +0000},
	Journal = {BMC genomics},
	Number = {1},
	Pages = {969},
	Publisher = {BioMed Central},
	Title = {Genome wide association and genomic prediction for growth traits in juvenile farmed Atlantic salmon using a high density SNP array},
	Volume = {16},
	Year = {2015}}

@article{uren:2017,
	Author = {Uren, Caitlin and Henn, Brenna M and Franke, Andre and Wittig, Michael and van Helden, Paul D and Hoal, Eileen G and M{\"o}ller, Marlo},
	Date-Added = {2018-02-01 07:09:56 +0000},
	Date-Modified = {2018-02-01 07:10:53 +0000},
	Journal = {PloS one},
	Number = {4},
	Publisher = {Public Library of Science},
	Title = {A post-GWAS analysis of predicted regulatory variants and tuberculosis susceptibility},
	Volume = {12},
	Year = {2017}}

@article{forrellad:2013,
	Author = {Forrellad, Marina A and Klepp, Laura I and Gioffr{\'e}, Andrea and Sabio y Garcia, Julia and Morbidoni, Hector R and Santangelo, Mar{\'\i}a de la Paz and Cataldi, Angel A and Bigi, Fabiana},
	Date-Added = {2018-02-01 07:09:05 +0000},
	Date-Modified = {2018-02-01 07:09:23 +0000},
	Journal = {Virulence},
	Number = {1},
	Pages = {3-66},
	Publisher = {Taylor \& Francis},
	Title = {Virulence factors of the Mycobacterium tuberculosis complex},
	Volume = {4},
	Year = {2013}}

@article{WHO:2017,
	Author = {World Health Organization},
	Date-Added = {2018-02-01 06:58:00 +0000},
	Date-Modified = {2018-02-01 07:06:51 +0000},
	Title = {Global Tuberculosis Report 2017},
	Year = {2017}}
