%% This BibTeX bibliography file was created using BibDesk.
%% http://bibdesk.sourceforge.net/

%% Created for Charlie at 2018-02-28 14:51:10 -0800 


%% Saved with string encoding Unicode (UTF-8) 



@book{angrist2008mostly,
	Author = {Angrist, Joshua D and Pischke, J{\"o}rn-Steffen},
	Date-Added = {2018-02-28 22:50:27 +0000},
	Date-Modified = {2018-02-28 22:50:27 +0000},
	Publisher = {Princeton university press},
	Title = {Mostly harmless econometrics: An empiricist's companion},
	Year = {2008}}

@article{skol2016genetics,
	Author = {Skol, Andrew D and Sasaki, Mark M and Onel, Kenan},
	Date-Added = {2018-02-28 22:42:07 +0000},
	Date-Modified = {2018-02-28 22:42:07 +0000},
	Journal = {Breast Cancer Research},
	Number = {1},
	Pages = {99},
	Publisher = {BioMed Central},
	Title = {The genetics of breast cancer risk in the post-genome era: thoughts on study design to move past BRCA and towards clinical relevance},
	Volume = {18},
	Year = {2016}}

@article{torre2016global,
	Author = {Torre, Lindsey A and Siegel, Rebecca L and Ward, Elizabeth M and Jemal, Ahmedin},
	Date-Added = {2018-02-28 22:41:44 +0000},
	Date-Modified = {2018-02-28 22:41:44 +0000},
	Journal = {Cancer Epidemiology and Prevention Biomarkers},
	Number = {1},
	Pages = {16--27},
	Publisher = {AACR},
	Title = {Global cancer incidence and mortality rates and trends---an update},
	Volume = {25},
	Year = {2016}}

@article{joosse2012brca1,
	Author = {Joosse, Simon A},
	Date-Added = {2018-02-28 22:41:18 +0000},
	Date-Modified = {2018-02-28 22:41:18 +0000},
	Journal = {Nature Reviews Cancer},
	Number = {5},
	Pages = {372},
	Publisher = {Nature Publishing Group},
	Title = {BRCA1 and BRCA2: a common pathway of genome protection but different breast cancer subtypes},
	Volume = {12},
	Year = {2012}}

@inproceedings{hartford2017deep,
	Author = {Hartford, Jason and Lewis, Greg and Leyton-Brown, Kevin and Taddy, Matt},
	Booktitle = {International Conference on Machine Learning},
	Date-Added = {2018-02-28 22:40:56 +0000},
	Date-Modified = {2018-02-28 22:40:56 +0000},
	Pages = {1414--1423},
	Title = {Deep IV: A Flexible Approach for Counterfactual Prediction},
	Year = {2017}}

@article{thompson2004genetic,
	Author = {Thompson, Deborah and Easton, Douglas},
	Date-Added = {2018-02-28 22:40:44 +0000},
	Date-Modified = {2018-02-28 22:40:44 +0000},
	Journal = {Journal of mammary gland biology and neoplasia},
	Number = {3},
	Pages = {221--236},
	Publisher = {Springer},
	Title = {The genetic epidemiology of breast cancer genes},
	Volume = {9},
	Year = {2004}}

@article{de2010predicting,
	Author = {De Los Campos, Gustavo and Gianola, Daniel and Allison, David B},
	Date-Added = {2018-02-28 22:40:37 +0000},
	Date-Modified = {2018-02-28 22:40:37 +0000},
	Journal = {Nature Reviews Genetics},
	Number = {12},
	Pages = {880},
	Publisher = {Nature Publishing Group},
	Title = {Predicting genetic predisposition in humans: the promise of whole-genome markers},
	Volume = {11},
	Year = {2010}}

@article{burgess2017dissecting,
	Author = {Burgess, Stephen and Thompson, Deborah J and Rees, Jessica MB and Day, Felix R and Perry, John R and Ong, Ken K},
	Date-Added = {2018-02-28 22:40:30 +0000},
	Date-Modified = {2018-02-28 22:40:30 +0000},
	Journal = {Genetics},
	Number = {2},
	Pages = {481--487},
	Publisher = {Genetics Soc America},
	Title = {Dissecting causal pathways using Mendelian randomization with summarized genetic data: Application to age at menarche and risk of breast cancer},
	Volume = {207},
	Year = {2017}}

@article{cheng2011recurrent,
	Author = {Cheng, Long and Hou, Zeng-Guang and Lin, Yingzi and Tan, Min and Zhang, Wenjun Chris and Wu, Fang-Xiang},
	Date-Added = {2018-02-28 22:40:22 +0000},
	Date-Modified = {2018-02-28 22:40:22 +0000},
	Journal = {IEEE Transactions on Neural Networks},
	Number = {5},
	Pages = {714--726},
	Publisher = {IEEE},
	Title = {Recurrent neural network for non-smooth convex optimization problems with application to the identification of genetic regulatory networks},
	Volume = {22},
	Year = {2011}}
